@manual{NAG24,
	address = {Oxford},
	author = {{The Numerical Algorithms Group}},
	date-added = {2021-09-11 14:54:10 -0500},
	date-modified = {2021-09-11 14:54:10 -0500},
	edition = {{M}ark 23},
	title = {The {NAG} Library},
	year = {2013}}

@webpage{tfqf2021a,
	author = {{TF Quant Finance Contributors}},
	date-added = {2021-08-30 17:58:39 -0500},
	date-modified = {2021-08-30 18:08:59 -0500},
	title = {{TF} {Q}uant {F}inance: {T}ensor{F}low based {Q}uant {F}inance Library},
	url = {https://github.com/google/tf-quant-finance},
	year = {2021},
	Bdsk-Url-1 = {https://github.com/google/tf-quant-finance}}

@webpage{Hig21a,
	author = {N. Higham},
	date-added = {2021-08-19 16:36:55 -0500},
	date-modified = {2021-08-19 16:39:55 -0500},
	title = {Disseminating Research through Articles and Blogs},
	url = {https://ima.org.uk/17278/disseminating-research-through-articles-and-blogs/},
	year = {2021},
	Bdsk-Url-1 = {https://ima.org.uk/17278/disseminating-research-through-articles-and-blogs/}}

@mastersthesis{Vro19a,
	author = {M. Vromans},
	date-added = {2021-08-15 19:18:49 -0500},
	date-modified = {2021-08-15 19:20:46 -0500},
	school = {Katholieke Universiteit Leuven},
	title = {Multilevel {M}onte {C}arlo for system reliability},
	year = {2019}}

@phdthesis{Zha21a,
	author = {K. Zhang},
	date-added = {2021-08-09 16:32:14 -0500},
	date-modified = {2021-08-25 00:14:16 -0500},
	school = {Illinois Institute of Technology},
	title = {Adaptive (Multilevel) Quasi-{M}onte {C}arlo Methods For {B}ayesian Inference and Uncertainty Quantification},
	year = {2021+}}

@misc{Owe22a,
	author = {A. B. Owen},
	date-added = {2021-07-29 15:46:48 -0500},
	date-modified = {2021-07-31 22:56:36 -0500},
	howpublished = {\href{https://arxiv.org/pdf/2008.08051.pdf}},
	title = {On dropping the first {Sobol'} point},
	url = {https://arxiv.org/pdf/2008.08051.pdf},
	year = {2021+},
	Bdsk-Url-1 = {https://arxiv.org/pdf/2008.08051.pdf}}

@article{paszke2019pytorch,
	author = {Paszke, Adam and Gross, Sam and Massa, Francisco and Lerer, Adam and Bradbury, James and Chanan, Gregory and Killeen, Trevor and Lin, Zeming and Gimelshein, Natalia and Antiga, Luca and Desmaison, Alban and K{\"o}pf, Andreas and  Yang, Edward and  DeVito, Zach and  Raison, Martin and  Tejani, Alykhan and  Chilamkurthy, Sasank and  Steiner, Benoit and  Fang, Lu and  Bai, Junjie and  Chintala, Soumith},
	date-modified = {2021-09-15 12:10:37 -0500},
	journal = {Advances in neural information processing systems},
	pages = {8026--8037},
	title = {Py{T}orch: An imperative style, high-performance deep learning library},
	volume = {32},
	year = {2019}}

@article{virtanen2020scipy,
	author = {Virtanen, Pauli and Gommers, Ralf and Oliphant, Travis E. and Haberland, Matt and Reddy, Tyler and Cournapeau, David and Burovski, Evgeni and Peterson, Pearu and Weckesser, Warren and Bright, Jonathan and van der Walt, St{\'e}fan J. and Brett, Matthew and Wilson, Joshua and Millman, K. Jarrod and Mayorov, Nikolay and Nelson, Andrew R. J. and Jones, Eric and Kern, Robert and Larson, Eric and Carey, C. J. and Polat, \.Ilhan and Feng, Yu and Moore, Eric W. and VanderPlas, Jake and Laxalde, Denis and Perktold, Josef and Cimrman, Robert and Henriksen, Ian and Quintero, E. A. and Harris, Charles R. and Archibald, Anne M. and Ribeiro, Ant{\^o}nio H. and Pedregosa, Fabian and van Mulbregt, Paul and Vijaykumar, Aditya and Bardelli, Alessandro Pietro and Rothberg, Alex and Hilboll, Andreas and Kloeckner, Andreas and Scopatz, Anthony and Lee, Antony and Rokem, Ariel and Woods, C. Nathan and Fulton, Chad and Masson, Charles and H{\"a}ggstr{\"o}m, Christian and Fitzgerald, Clark and Nicholson, David A. and Hagen, David R. and Pasechnik, Dmitrii V. and Olivetti, Emanuele and Martin, Eric and Wieser, Eric and Silva, Fabrice and Lenders, Felix and Wilhelm, Florian and Young, G. and Price, Gavin A. and Ingold, Gert-Ludwig and Allen, Gregory E. and Lee, Gregory R. and Audren, Herv{\'e} and Probst, Irvin and Dietrich, J{\"o}rg P. and Silterra, Jacob and Webber, James T. and Slavi{\v c}, Janko and Nothman, Joel and Buchner, Johannes and Kulick, Johannes and Sch{\"o}nberger, Johannes L. and de Miranda Cardoso, Jos{\'e}Vin{\'\i}cius and Reimer, Joscha and Harrington, Joseph and Rodr{\'\i}guez, Juan Luis Cano and Nunez-Iglesias, Juan and Kuczynski, Justin and Tritz, Kevin and Thoma, Martin and Newville, Matthew and K{\"u}mmerer, Matthias and Bolingbroke, Maximilian and Tartre, Michael and Pak, Mikhail and Smith, Nathaniel J. and Nowaczyk, Nikolai and Shebanov, Nikolay and Pavlyk, Oleksandr and Brodtkorb, Per A. and Lee, Perry and McGibbon, Robert T. and Feldbauer, Roman and Lewis, Sam and Tygier, Sam and Sievert, Scott and Vigna, Sebastiano and Peterson, Stefan and More, Surhud and Pudlik, Tadeusz and Oshima, Takuya and Pingel, Thomas J. and Robitaille, Thomas P. and Spura, Thomas and Jones, Thouis R. and Cera, Tim and Leslie, Tim and Zito, Tiziano and Krauss, Tom and Upadhyay, Utkarsh and Halchenko, Yaroslav O. and V{\'a}zquez-Baeza, Yoshiki and Contributors},
	date-modified = {2021-07-22 12:48:03 -0500},
	journal = {Nature Methods},
	number = {3},
	pages = {261--272},
	title = {SciPy 1.0: fundamental algorithms for scientific computing in Python},
	volume = {17},
	year = {2020}}

@manual{MAT9.9,
	address = {Natick, MA},
	author = {{The MathWorks, Inc.}},
	date-added = {2021-06-03 17:58:00 -0500},
	date-modified = {2021-06-03 17:58:00 -0500},
	title = {{MATLAB} R2020b},
	year = {2020}}

@phdthesis{Jag19a,
	author = {R. Jagadeeswaran},
	date-added = {2021-03-15 18:41:00 -0500},
	date-modified = {2021-03-15 18:42:51 -0500},
	school = {Illinois Institute of Technology},
	title = {Fast Automatic Bayesian Cubature Using Matching Kenrels and Designs},
	year = {2019}}

@manual{MAT9.8,
	address = {Natick, MA},
	author = {{The MathWorks, Inc.}},
	date-added = {2020-12-05 15:02:24 -0600},
	date-modified = {2020-12-05 15:02:24 -0600},
	title = {{MATLAB} R2020a},
	year = {2020}}

@article{GorKarMar19a,
	author = {A. Gorodetsky and S. Karaman and Y. Marzouk},
	date-added = {2020-11-19 16:00:45 -0600},
	date-modified = {2020-11-19 16:02:02 -0600},
	journal = {Comput.\ Meth.\ Appl.\ Mech.\ Eng.},
	pages = {59--84},
	title = {A continuous analogue of the tensor-train decomposition},
	volume = {347},
	year = {2019}}

@article{Ose2011a,
	author = {I. V. Oseledets},
	date-added = {2020-11-19 15:47:29 -0600},
	date-modified = {2020-11-19 15:48:31 -0600},
	journal = {SIAM J. Sci.\ Comput.},
	pages = {2295--2317},
	title = {Tensor-Train Decomposition},
	volume = {33},
	year = {2011}}

@inproceedings{ZelPer05a,
	author = {L. Zelnik-Manor and P. Perona},
	booktitle = {Advances in {N}eural {I}nformation {P}rocessing {S}ystems},
	date-added = {2020-11-11 21:26:31 -0600},
	date-modified = {2020-11-11 21:28:44 -0600},
	number = {17},
	pages = {1601--1608},
	publisher = {MIT Press, Cambridge MA},
	title = {Self-Tuning Spectral Clustering},
	volume = {17},
	year = {2005}}

@book{Smi58a,
	address = {Cambridge},
	author = {F. Smithies},
	date-added = {2020-09-30 07:54:20 -0500},
	date-modified = {2020-09-30 07:56:49 -0500},
	editor = {P. Hall and F. Smithies},
	number = {49},
	publisher = {Cambridge University Press},
	series = {Cambridge Tracts in Mathematics and Mathematical Physics},
	title = {Integral Equations},
	year = {1958}}

@article{ZhaXuZha09a,
	author = {H. Zhang and Y. Xu and J. Zhang},
	date-added = {2020-09-24 20:48:01 -0500},
	date-modified = {2020-09-24 20:49:35 -0500},
	journal = {J. Mach.\ Learn.\ Res.},
	pages = {2741--2775},
	title = {Reproducing Kernel Banach Spaces for Machine Learning},
	year = {2009}}

@inproceedings{Keller2013a,
	author = {A. Keller},
	booktitle = {{M}onte {C}arlo and Quasi-{M}onte {C}arlo Methods 2012},
	crossref = {KuoEtal14a},
	date-added = {2020-09-09 12:00:44 -0500},
	date-modified = {2020-09-09 12:04:42 -0500},
	pages = {213--249},
	title = {Quasi-{M}onte {C}arlo Image Synthesis in a Nutshell},
	year = {2013}}

@article{mueller20neural,
	author = {Thomas M\"uller and Fabrice Rousselle and Jan Nov\'ak and Alexander Keller},
	journal = {arXiv:2006.01524},
	month = jun,
	title = {Neural Control Variates},
	year = {2020}}

@article{mueller2019neural,
	acmid = {3341156},
	address = {New York, NY, USA},
	articleno = {145},
	author = {Thomas M\"{u}ller and Brian McWilliams and Fabrice Rousselle and Markus Gross and Jan Nov\'{a}k},
	doi = {10.1145/3341156},
	issn = {0730-0301},
	issue_date = {October 2019},
	journal = {ACM Trans. Graph.},
	keywords = {Monte Carlo, deep learning, importance sampling, normalizing flows, path guiding, rendering},
	month = oct,
	number = {5},
	numpages = {19},
	pages = {145:1--145:19},
	publisher = {ACM},
	title = {Neural Importance Sampling},
	url = {http://doi.acm.org/10.1145/3341156},
	volume = {38},
	year = {2019},
	Bdsk-Url-1 = {http://doi.acm.org/10.1145/3341156},
	Bdsk-Url-2 = {https://doi.org/10.1145/3341156}}

@webpage{scipySobol2020a,
	author = {{SciPy Developers}},
	date-added = {2020-09-07 20:32:04 -0500},
	date-modified = {2020-09-14 20:39:08 -0500},
	title = {scipy discussion of {S}obol' sequence implementation},
	url = {https://github.com/scipy/scipy/pull/10844},
	year = {2020},
	Bdsk-Url-1 = {https://github.com/scipy/scipy/pull/10844}}

@webpage{PyTorchFirstPt2020a,
	author = {{PyTorch Developers}},
	date-added = {2020-09-07 20:28:26 -0500},
	date-modified = {2020-09-14 20:38:16 -0500},
	title = {{PyTorch} discussion on {S}obol' sequence implementation},
	url = {https://github.com/pytorch/pytorch/issues/32047},
	year = {2020},
	Bdsk-Url-1 = {https://github.com/pytorch/pytorch/issues/32047}}

@article{KuoEtal17a,
	author = {F. Y. Kuo and D. Nuyens and L. Plaskota and I. H. Sloan and G. W. Wasilkowski},
	date-added = {2020-09-07 20:15:43 -0500},
	date-modified = {2020-09-07 20:17:58 -0500},
	doi = {10.1016/j.cam.2017.05.031},
	journal = {J. Comput.\ Appl.\ Math.},
	pages = {217--234},
	title = {Infinite-dimensional integration and the multivariate decomposition method},
	volume = {326},
	year = {2017},
	Bdsk-Url-1 = {https://doi.org/10.1016/j.cam.2017.05.031}}

@webpage{ParallelPython,
	author = {{Python Developers}},
	date-added = {2020-09-07 16:36:45 -0500},
	date-modified = {2020-09-14 20:37:38 -0500},
	title = {Parallel Processing and Multiprocessing in {P}ython},
	url = {https://wiki.python.org/moin/ParallelProcessing},
	year = {2020},
	Bdsk-Url-1 = {https://wiki.python.org/moin/ParallelProcessing}}

@webpage{Numba,
	author = {{Numba Developers}},
	date-added = {2020-09-07 16:33:38 -0500},
	date-modified = {2020-09-14 20:36:48 -0500},
	title = {Numba},
	url = {http://numba.pydata.org},
	year = {2020},
	Bdsk-Url-1 = {http://numba.pydata.org}}

@inproceedings{HerSch20a,
	author = {L. Herrmann and C. Schwab},
	booktitle = {{M}onte {C}arlo and Quasi-{M}onte {C}arlo Methods: {MCQMC}, {R}ennes, France, {J}uly 2018},
	crossref = {LEcTuf20a},
	date-added = {2020-09-06 15:07:06 -0500},
	date-modified = {2020-09-06 15:11:27 -0500},
	doi = {10.1007/978-3-030-43465-6\_2},
	pages = {31--67},
	title = {Multilevel Quasi-{M}onte {C}arlo Uncertainty Quantification for Advection-Diffusion-Reaction},
	Bdsk-Url-1 = {https://doi.org/10.1007/978-3-030-43465-6%5C_2}}

@article{LEc09,
	author = {P. L'Ecuyer},
	date-added = {2020-09-06 15:01:41 -0500},
	date-modified = {2020-09-06 15:02:57 -0500},
	journal = {Finance Stoch.},
	pages = {307--349},
	title = {Quasi-{M}onte {C}arlo Methods with Applications in Finance},
	volume = {13},
	year = {2009}}

@phdthesis{Vea97,
	author = {E. Veach},
	date-added = {2020-09-06 14:58:45 -0500},
	date-modified = {2020-09-06 14:59:51 -0500},
	school = {Stanford University},
	title = {Robust {M}onte {C}arlo Methods for Light Transport Simulation},
	year = {1997}}

@book{Hag14,
	address = {Boca Raton, FL},
	author = {A. Haghighat},
	date-added = {2020-09-06 14:53:47 -0500},
	date-modified = {2020-09-06 14:55:39 -0500},
	publisher = {CRC Press},
	title = {{M}onte {C}arlo Methods for Particle Transport},
	year = {2014}}

@book{EfrHas16,
	address = {Cambridge},
	author = {B. Efron and T. Hastie},
	date-added = {2020-09-06 14:40:33 -0500},
	date-modified = {2020-09-06 14:43:50 -0500},
	publisher = {Cambridge University Press},
	title = {Computer Age Statistical Inference},
	year = {2016}}

@webpage{BRODA20a,
	author = {S. Kucherenko},
	date-added = {2020-08-30 13:42:34 -0500},
	date-modified = {2020-08-31 13:16:55 -0500},
	title = {{BRODA}},
	url = {https://www.broda.co.uk/index.html},
	year = {2020},
	Bdsk-Url-1 = {https://www.broda.co.uk/index.html}}

@webpage{Bur20a,
	author = {J. Burkhardt},
	date-added = {2020-08-29 20:20:08 -0500},
	date-modified = {2020-12-05 15:39:13 -0600},
	title = {Various Software},
	url = {http://people.sc.fsu.edu/~jburkardt/},
	year = {2020},
	Bdsk-Url-1 = {http://people.sc.fsu.edu/~jburkardt/}}

@article{KuoNuy16a,
	author = {F. Y. Kuo and D. Nuyens},
	date-added = {2020-08-29 20:14:34 -0500},
	date-modified = {2020-08-29 20:16:53 -0500},
	journal = {Found.\ Comput.\ Math.},
	pages = {1631--1696},
	title = {Application of quasi-{M}onte {C}arlo methods to elliptic {PDE}s with random diffusion coefficients -- a survey of analysis and implementation},
	url = {https://people.cs.kuleuven.be/~dirk.nuyens/qmc4pde/},
	volume = {16},
	year = {2016},
	Bdsk-Url-1 = {https://people.cs.kuleuven.be/~dirk.nuyens/qmc4pde/}}

@webpage{SSJ,
	author = {P. L'Ecuyer},
	date-added = {2020-08-29 20:07:55 -0500},
	date-modified = {2020-08-29 20:10:08 -0500},
	title = {{SSJ: Stochastic Simulation in Java}},
	url = {https://github.com/umontreal-simul/ssj},
	year = {2020},
	Bdsk-Url-1 = {https://github.com/umontreal-simul/ssj}}

@webpage{LatNet,
	author = {P. L'Ecuyer and D. Munger},
	date-added = {2020-08-29 19:54:08 -0500},
	date-modified = {2020-08-29 20:00:05 -0500},
	title = {{LatNet} Builder},
	url = {https://umontreal-simul.github.io/latnetbuilder/},
	year = {2018},
	Bdsk-Url-1 = {https://umontreal-simul.github.io/latnetbuilder/}}

@webpage{PyTorch,
	author = {{PyTorch Developers}},
	date-added = {2020-08-29 19:13:54 -0500},
	date-modified = {2020-09-14 20:38:04 -0500},
	title = {{PyTorch}},
	url = {https://pytorch.org},
	year = {2020},
	Bdsk-Url-1 = {https://pytorch.org}}

@webpage{Rob20a,
	author = {P. Robbe},
	date-added = {2020-08-29 19:10:56 -0500},
	date-modified = {2020-09-07 16:48:58 -0500},
	title = {Low Discrepancy Sequences in {J}ulia},
	url = {https://github.com/PieterjanRobbe/QMC.jl},
	year = {2020},
	Bdsk-Url-1 = {https://github.com/PieterjanRobbe/QMC.jl}}

@webpage{OpenTURNS,
	author = {{OpenTURNS Developers}},
	date-added = {2020-08-29 19:02:44 -0500},
	date-modified = {2020-09-14 20:29:29 -0500},
	title = {An Open source initiative for the {T}reatment of {U}ncertainties, {R}isks '{N} {S}tatistics},
	url = {http://www.openturns.org},
	year = {2020},
	Bdsk-Url-1 = {http://www.openturns.org}}

@webpage{UQLab,
	date-added = {2020-08-29 18:57:46 -0500},
	date-modified = {2020-08-29 18:58:35 -0500},
	title = {Framework for Uncertainty Quantification},
	url = {https://www.uqlab.com},
	year = {2020},
	Bdsk-Url-1 = {https://www.uqlab.com}}

@webpage{Owe20a,
	author = {A. B. Owen},
	date-added = {2020-08-29 18:54:33 -0500},
	date-modified = {2020-09-09 12:31:53 -0500},
	title = {Randomized {H}alton Sequences in {R}},
	url = {http://statweb.stanford.edu/~owen/code/},
	year = {2020},
	Bdsk-Url-1 = {http://statweb.stanford.edu/~owen/code/}}

@webpage{QRNG2020,
	author = {M. Hofert and C. Lemieux},
	date-added = {2020-08-27 17:34:49 -0500},
	date-modified = {2020-08-29 18:33:02 -0500},
	title = {qrng {R} package},
	url = {https://cran.r-project.org/web/packages/qrng/qrng.pdf},
	urldate = {2017},
	year = {2017},
	Bdsk-Url-1 = {https://cran.r-project.org/web/packages/qrng/qrng.pdf}}

@manual{MAT9.5,
	address = {Natick, MA},
	author = {{The MathWorks, Inc.}},
	date-added = {2020-08-27 17:32:42 -0500},
	date-modified = {2020-08-27 17:32:42 -0500},
	title = {{MATLAB} 9.5},
	year = {2018}}

@techreport{CurEtal88b,
	author = {C. Currin and T. Mitchell and M. Morris and D. Ylvisaker},
	date-added = {2020-07-25 17:04:14 -0500},
	date-modified = {2020-07-25 17:05:50 -0500},
	institution = {Oak Ridge National Laboratory},
	number = {6498},
	title = {A {B}ayesian approach to the design and analysis of computer experiments},
	year = {1988}}

@book{DriHalTre14a,
	address = {Oxford},
	date-added = {2020-06-01 16:47:15 -0500},
	date-modified = {2020-06-03 00:33:45 -0500},
	editor = {T. A. Driscoll and N. Hale and L. N. Trefethen},
	publisher = {Pafnuty Publications},
	title = {Chebfun Guide},
	year = {2014}}

@article{liumovingpartI1997,
	author = {Wing-Kam Liu and Shaofan Li and Ted Belytschko},
	date-added = {2019-11-30 10:00:34 -0600},
	date-modified = {2019-11-30 10:10:02 -0600},
	journal = {Comput. Methods Appl. Mech. Engrg.},
	pages = {113--154},
	title = {Moving least-square reproducing kernel methods {(I)} {M}ethodology and convergence},
	volume = {143},
	year = {1997},
	Bdsk-File-1 = {YnBsaXN0MDDSAQIDBFxyZWxhdGl2ZVBhdGhZYWxpYXNEYXRhXxDQLi4vLi4vLi4vLi4vLi4vR29vZ2xlIERyaXZlIChoaWNrZXJuZWxsQGlpdC5lZHUpL0lJVC1Hb29nbGUvUmVzZWFyY2hfUGVyc29uYWwvTlNGIDIwMTkgQ29tcCBNYXRoIEFkYXB0aXZlIFNhbXBsaW5nIFByb3Bvc2FsL1JlbGV2YW50IExpdGVyYXR1cmUvTnVtZXJpY2FsIE1ldGhvZHMvTUxTX1JLX1BhcnRJLTEtczIuMC1TMDA0NTc4MjU5NjAxMTMyMi1tYWluLnBkZk8RAvYAAAAAAvYAAgAADE1hY2ludG9zaCBIRAAAAAAAAAAAAAAAAAAAAAAAAABCRAAB/////x9NTFNfUktfUGFydEktMS1zMi4jRkZGRkZGRkYucGRmAAAAAAAAAAAAAAAAAAAAAAAAAAAAAAAAAAAAAAAAAAD/////AAAAAAAAAAAAAAAAAAUABwAACiBjdQAAAAAAAAAAAAAAAAARTnVtZXJpY2FsIE1ldGhvZHMAAAIA2S86VXNlcnM6ZnJlZGpoaWNrZXJuZWxsOkdvb2dsZSBEcml2ZSAoaGlja2VybmVsbEBpaXQuZWR1KTpJSVQtR29vZ2xlOlJlc2VhcmNoX1BlcnNvbmFsOk5TRiAyMDE5IENvbXAgTWF0aCBBZGFwdGl2ZSBTYW1wbGluZyBQcm9wb3NhbDpSZWxldmFudCBMaXRlcmF0dXJlOk51bWVyaWNhbCBNZXRob2RzOk1MU19SS19QYXJ0SS0xLXMyLjAtUzAwNDU3ODI1OTYwMTEzMjItbWFpbi5wZGYAAA4AXgAuAE0ATABTAF8AUgBLAF8AUABhAHIAdABJAC0AMQAtAHMAMgAuADAALQBTADAAMAA0ADUANwA4ADIANQA5ADYAMAAxADEAMwAyADIALQBtAGEAaQBuAC4AcABkAGYADwAaAAwATQBhAGMAaQBuAHQAbwBzAGgAIABIAEQAEgDXVXNlcnMvZnJlZGpoaWNrZXJuZWxsL0dvb2dsZSBEcml2ZSAoaGlja2VybmVsbEBpaXQuZWR1KS9JSVQtR29vZ2xlL1Jlc2VhcmNoX1BlcnNvbmFsL05TRiAyMDE5IENvbXAgTWF0aCBBZGFwdGl2ZSBTYW1wbGluZyBQcm9wb3NhbC9SZWxldmFudCBMaXRlcmF0dXJlL051bWVyaWNhbCBNZXRob2RzL01MU19SS19QYXJ0SS0xLXMyLjAtUzAwNDU3ODI1OTYwMTEzMjItbWFpbi5wZGYAABMAAS8AABUAAgAW//8AAAAIAA0AGgAkAPcAAAAAAAACAQAAAAAAAAAFAAAAAAAAAAAAAAAAAAAD8Q==}}

@article{limovingpartII1996,
	author = {Shaofan Li and Wing-Kam Liu},
	date-added = {2019-11-30 09:57:09 -0600},
	date-modified = {2019-11-30 10:09:54 -0600},
	journal = {Comput. Methods Appl. Mech. Engrg.},
	pages = {159--193},
	title = {Moving least-square reproducing kernel methods {Part II}: {F}ourier analysis},
	volume = {139},
	year = {1996},
	Bdsk-File-1 = {YnBsaXN0MDDSAQIDBFxyZWxhdGl2ZVBhdGhZYWxpYXNEYXRhXxDQLi4vLi4vLi4vLi4vLi4vR29vZ2xlIERyaXZlIChoaWNrZXJuZWxsQGlpdC5lZHUpL0lJVC1Hb29nbGUvUmVzZWFyY2hfUGVyc29uYWwvTlNGIDIwMTkgQ29tcCBNYXRoIEFkYXB0aXZlIFNhbXBsaW5nIFByb3Bvc2FsL1JlbGV2YW50IExpdGVyYXR1cmUvTnVtZXJpY2FsIE1ldGhvZHMvTUxTX1JLX1BhcnRJLTEtczIuMC1TMDA0NTc4MjU5NjAxMTMyMi1tYWluLnBkZk8RAvYAAAAAAvYAAgAADE1hY2ludG9zaCBIRAAAAAAAAAAAAAAAAAAAAAAAAABCRAAB/////x9NTFNfUktfUGFydEktMS1zMi4jRkZGRkZGRkYucGRmAAAAAAAAAAAAAAAAAAAAAAAAAAAAAAAAAAAAAAAAAAD/////AAAAAAAAAAAAAAAAAAUABwAACiBjdQAAAAAAAAAAAAAAAAARTnVtZXJpY2FsIE1ldGhvZHMAAAIA2S86VXNlcnM6ZnJlZGpoaWNrZXJuZWxsOkdvb2dsZSBEcml2ZSAoaGlja2VybmVsbEBpaXQuZWR1KTpJSVQtR29vZ2xlOlJlc2VhcmNoX1BlcnNvbmFsOk5TRiAyMDE5IENvbXAgTWF0aCBBZGFwdGl2ZSBTYW1wbGluZyBQcm9wb3NhbDpSZWxldmFudCBMaXRlcmF0dXJlOk51bWVyaWNhbCBNZXRob2RzOk1MU19SS19QYXJ0SS0xLXMyLjAtUzAwNDU3ODI1OTYwMTEzMjItbWFpbi5wZGYAAA4AXgAuAE0ATABTAF8AUgBLAF8AUABhAHIAdABJAC0AMQAtAHMAMgAuADAALQBTADAAMAA0ADUANwA4ADIANQA5ADYAMAAxADEAMwAyADIALQBtAGEAaQBuAC4AcABkAGYADwAaAAwATQBhAGMAaQBuAHQAbwBzAGgAIABIAEQAEgDXVXNlcnMvZnJlZGpoaWNrZXJuZWxsL0dvb2dsZSBEcml2ZSAoaGlja2VybmVsbEBpaXQuZWR1KS9JSVQtR29vZ2xlL1Jlc2VhcmNoX1BlcnNvbmFsL05TRiAyMDE5IENvbXAgTWF0aCBBZGFwdGl2ZSBTYW1wbGluZyBQcm9wb3NhbC9SZWxldmFudCBMaXRlcmF0dXJlL051bWVyaWNhbCBNZXRob2RzL01MU19SS19QYXJ0SS0xLXMyLjAtUzAwNDU3ODI1OTYwMTEzMjItbWFpbi5wZGYAABMAAS8AABUAAgAW//8AAAAIAA0AGgAkAPcAAAAAAAACAQAAAAAAAAAFAAAAAAAAAAAAAAAAAAAD8Q==}}

@techreport{dace2002,
	author = {S. N. Lophaven and H. B. Nielsen and J. S{\o}ndergaard},
	date-added = {2019-11-29 18:15:02 -0600},
	date-modified = {2019-12-01 20:23:11 -0600},
	institution = {Informatics and Mathematical Modelling, Technical University of Denmark, DTU, Richard Petersens Plads, Building 321, DK-2800 Kgs.\ Lyngby},
	title = {Aspects of the {Matlab} toolbox {DACE}},
	year = {2002}}

@misc{pySOT2015,
	author = {David Bindel and David Eriksson and Chriistine Shoemaker},
	date-added = {2019-11-29 13:43:11 -0600},
	date-modified = {2019-11-29 15:30:47 -0600},
	howpublished = {{\url{https://github.com/dme65/pySOT}}},
	title = {{pySOT}: {P}ython Surrogate Optimization Toolbox},
	year = {2015}}

@misc{CODES2015,
	author = {Sylvain Lacaze and Samy Missoum},
	date-added = {2019-11-29 13:34:55 -0600},
	date-modified = {2019-11-29 13:36:22 -0600},
	howpublished = {{\url{http://http://www.codes.arizona.edu/toolbox/}}},
	title = {{CODES}: {A} Toolbox For Computational Design},
	year = {2015}}

@article{SUMO2010,
	author = {D. Gorissen and K. Crombecq and I. Couckuyt and T. Dhaene and P. Demeester},
	date-added = {2019-11-29 13:31:13 -0600},
	date-modified = {2019-11-29 13:32:55 -0600},
	journal = {J. Mach.\ Learn.\ Res.},
	pages = {2051--2055},
	title = {A Surrogate Modeling and Adaptive Sampling Toolbox for Computer Based Design},
	volume = {11},
	year = {2010}}

@article{ooDACE2014,
	author = {I. Couckuyt and T. Dhaene and P. Demeester},
	date-added = {2019-11-29 13:26:23 -0600},
	date-modified = {2019-11-29 13:29:43 -0600},
	journal = {J. Mach.\ Learn.\ Res.},
	pages = {3183--3186},
	title = {{ooDACE Toolbox}: {A} Flexible Object-Oriented Kriging Implementation},
	volume = {15},
	year = {2014}}

@inproceedings{emukit2019,
	author = {Paleyes, Andrei and Pullin, Mark and Mahsereci, Maren and Lawrence, Neil and Gonz{\'a}lez, Javier},
	booktitle = {Second Workshop on Machine Learning and the Physical Sciences, NeurIPS},
	date-added = {2019-11-29 13:24:11 -0600},
	date-modified = {2019-11-29 13:25:05 -0600},
	title = {Emulation of physical processes with Emukit},
	year = {2019}}

@inproceedings{UQLab2014,
	author = {Stefano Marelli and Bruo Sudret},
	booktitle = {The 2nd International Conference on Vulnerability and Risk Analysis and Management {(ICVRAM 2014)}},
	date-added = {2019-11-29 13:19:39 -0600},
	date-modified = {2019-11-29 15:16:02 -0600},
	pages = {2554--2563},
	publisher = {ASCE Library},
	title = {{UQLab}: {A} Framework for Uncertainty Quantification in {MATLAB}},
	url = {https://www.uqlab.com},
	year = {2014},
	Bdsk-Url-1 = {https://www.uqlab.com}}

@misc{probabilistic2019,
	author = {Philipp Hennig and Michael A Osborne},
	date-added = {2019-11-29 11:16:28 -0600},
	date-modified = {2019-11-29 11:19:56 -0600},
	howpublished = {{\url{http://www.probabilistic-numerics.org/index.html}}},
	title = {Probabilistic Numerics},
	urldate = {November 29, 2019}}

@book{constantine2015active,
	address = {Philadelphia},
	author = {Paul G. Constantine},
	date-added = {2019-11-27 14:32:33 -0600},
	date-modified = {2019-11-27 14:36:24 -0600},
	publisher = {SIAM},
	series = {SIAM Spotlights},
	title = {Active Subspaces: Emerging Ideas for Dimension Reduction in Parameter Studies},
	year = {2015}}

@article{kleijnen2004application,
	author = {J. P. C. Kleijnen and W. C. M. {van Beers}},
	date-added = {2019-11-25 18:49:25 -0600},
	date-modified = {2019-11-25 18:53:17 -0600},
	journal = {J. Oper.\ Res.\ Soc.},
	pages = {876--883},
	title = {Application-driven sequential designs for simulation experiments: Kriging metamodelling},
	volume = {55},
	year = {2004}}

@inproceedings{jin2002sequential,
	author = {Jin, Ruichen and Chen, Wei and Sudjianto, Agus},
	booktitle = {Proceedings of ASME 2002 Design Engineering Technical Conferences and Computers and Information in Engineering Conference},
	date-added = {2019-11-25 14:46:02 -0600},
	date-modified = {2019-11-25 15:03:26 -0600},
	doi = {10.1115/DETC2002/DAC-34092},
	pages = {539--548},
	title = {On Sequential Sampling for Global Metamodeling in Engineering Design},
	volume = {2},
	year = {2002},
	Bdsk-Url-1 = {https://doi.org/10.1115/DETC2002/DAC-34092}}

@book{Pin85a,
	address = {Berlin Heidelberg},
	author = {A. Pinkus},
	date-added = {2019-10-27 21:27:08 -0500},
	date-modified = {2019-10-27 21:28:57 -0500},
	doi = {10.1007/978-3-642-69894-1},
	publisher = {Springer-Verlag},
	title = {n-Widths in Approximation Theory},
	year = {1985},
	Bdsk-Url-1 = {https://doi.org/10.1007/978-3-642-69894-1}}

@article{OwhEtal19a,
	author = {H. Owhadi and C. Scovel and F. Sh\"afer},
	date-added = {2019-10-20 21:14:48 -0500},
	date-modified = {2019-10-20 21:18:18 -0500},
	journal = {Notices Amer.\ Math.\ Society},
	pages = {1608--1617},
	title = {Statistical Numerical Approximation},
	volume = {66},
	year = {2019}}

@article{Jos16a,
	author = {V. R. Joseph},
	date-added = {2019-10-18 15:47:41 -0500},
	date-modified = {2019-10-18 15:51:40 -0500},
	journal = {Qual.\ Engineering},
	pages = {28--35},
	title = {Space-Filling Designs for Computer Experiments: A Review},
	volume = {28},
	year = {2016}}

@article{GraEtal11a,
	author = {I. G. Graham and F. Y. Kuo and D. Nuyens and R. Scheichl and I. H. Sloan},
	date-added = {2019-09-27 00:19:24 -0500},
	date-modified = {2019-09-27 00:22:16 -0500},
	doi = {doi.org/10.1016/j.jcp.2011.01.023},
	journal = {J. Comput.\ Phys.},
	pages = {3668--3694},
	pubtype = art,
	title = {Quasi-{M}onte {C}arlo methods for elliptic {PDEs} with random coefficients and applications},
	volume = {230},
	year = {2011},
	Bdsk-Url-1 = {https://doi.org/10.1016/j.jcp.2011.01.023}}

@book{Pie78a,
	author = {A. Pietsch},
	date-added = {2019-09-23 15:00:09 -0500},
	date-modified = {2019-09-23 15:11:08 -0500},
	publisher = {Deutscher Verlag der Wissenschaften, Berlin},
	title = {Operator Ideals},
	year = {1978}}

@book{FangEtal19a,
	author = {K. T. Fang and M.-Q. Liu and H. Qin and Y.-D. Zhou},
	date-added = {2019-06-03 16:06:46 -0500},
	date-modified = {2019-06-03 16:09:03 -0500},
	number = {37},
	publisher = {Springer Nature (Singapore) and Science Press (Bejing)},
	series = {Mathematics Monograph Series},
	title = {Theory and Application of Uniform Experimental Designs},
	year = {2019}}

@manual{MAT9.10,
	address = {Natick, MA},
	author = {{The MathWorks, Inc.}},
	date-added = {2018-11-30 16:22:35 -0600},
	date-modified = {2021-06-03 17:58:16 -0500},
	title = {{MATLAB} R2021a},
	year = {2020}}

@manual{Julia1.0,
	author = {{The Julia Community}},
	date-added = {2018-11-30 16:19:08 -0600},
	date-modified = {2018-12-01 11:05:42 -0600},
	title = {{Julia} 1.0},
	year = {2018}}

@webpage{GSL,
	author = {{GNU Scientific Library}},
	date-added = {2018-11-24 20:06:43 -0600},
	date-modified = {2018-11-30 16:46:52 -0600},
	lastchecked = {November 24, 2018},
	url = {www.gnu.org/software/gsl/},
	year = {2018},
	Bdsk-Url-1 = {www.gnu.org/software/gsl/}}

@webpage{SCIPY,
	author = {{SciPy Developers}},
	date-added = {2018-11-24 19:59:09 -0600},
	date-modified = {2020-09-14 20:38:57 -0500},
	lastchecked = {November 24, 2018},
	title = {{SciPy Ecosystem}},
	url = {www.scipy.org},
	year = {2018},
	Bdsk-Url-1 = {www.scipy.org}}

@article{rashidinia_stable_2016,
	author = {Rashidinia, Jalil and Fasshauer, G. E. and Khasi, M.},
	date-added = {2018-11-24 16:23:53 -0600},
	date-modified = {2018-11-24 16:27:45 -0600},
	doi = {10.1016/j.camwa.2016.04.048},
	journal = {Comput. Math. Appl.},
	number = {1},
	pages = {178--193},
	title = {A stable method for the evaluation of {Gaussian} radial basis function solutions of interpolation and collocation problems},
	volume = {72},
	year = {2016},
	Bdsk-Url-1 = {https://doi.org/10.1016/j.camwa.2016.04.048}}

@inproceedings{MarEtal18a,
	author = {B. Martin and A. Elsherbeni and G. E. Fasshauer and M. Hadi},
	booktitle = {2018 International Applied Computational Electromagnetics Society Symposium (ACES)},
	date-added = {2018-11-24 14:51:18 -0600},
	date-modified = {2021-08-23 09:20:45 -0500},
	doi = {10.23919/ROPACES.2018.8364209},
	title = {Improved {FDTD} Method around Dielectric and PEC Interfaces using {RBF-FD} Techniques},
	year = {2018},
	Bdsk-Url-1 = {https://doi.org/10.23919/ROPACES.2018.8364209}}

@inproceedings{MCCEtal19a,
	author = {M. J. McCourt and G. E. Fasshauer and D. Kozak},
	booktitle = {32nd Conference on Neural Information Processing Systems (NIPS 2018)},
	date-added = {2018-11-24 14:49:56 -0600},
	date-modified = {2019-12-01 16:09:51 -0600},
	title = {A nonstationary designer space-time kernel},
	year = {2018}}

@article{MisEtal19a,
	author = {P. K. Mishra and G. E. Fasshauer and M. K. Sen and L. Ling},
	date-added = {2018-11-24 14:47:23 -0600},
	date-modified = {2021-08-23 09:19:07 -0500},
	doi = {10.1016/j.camwa.2018.12.027},
	journal = {Comput.\ Math.\ Appl.},
	pages = {2354--2368},
	title = {A stabilized radial basis-finite difference ({RBF-FD}) method with hybrid kernels},
	volume = {77},
	year = {2019},
	Bdsk-Url-1 = {https://doi.org/10.1016/j.camwa.2018.12.027}}

@incollection{mccourt_stable_2017,
	address = {Birk\"auser},
	author = {McCourt, Michael and Fasshauer, G. E.},
	booktitle = {Recent {Applications} of {Harmonic} {Analysis} to {Function} {Spaces}, {Differential} {Equations}, and {Data} {Science}: {Novel} {Methods} in {Harmonic} {Analysis}},
	date-added = {2018-11-24 14:46:00 -0600},
	date-modified = {2018-11-24 14:46:00 -0600},
	editor = {Pesenson, I. and Le Gia, Q.T. and Mayeli, A. and Mhaskar, H. and Zhou, D.-X.},
	isbn = {978-3-319-55555-3},
	pages = {917--942},
	publisher = {Basel},
	title = {Stable likelihood computation for {Gaussian} random fields},
	volume = {2},
	year = {2017}}

@article{mishra_hybrid_2018,
	author = {Mishra, P. K. and Nath, S. K. and Sen, M. K. and Fasshauer, G. E.},
	date-added = {2018-11-24 14:46:00 -0600},
	date-modified = {2018-11-24 14:57:18 -0600},
	doi = {10.1007/s10596-018-9747-3},
	journal = {Comput.\ Geosciences},
	pages = {1203--1218},
	pubtype = art,
	title = {Hybrid {Gaussian}-cubic radial basis function for scattered data interpolation},
	volume = {22},
	year = {2018},
	Bdsk-Url-1 = {https://doi.org/10.1007/s10596-018-9747-3}}

@misc{mishra_stable_nodate,
	author = {Mishra, P. K. and Nath, S. K. and Fasshauer, G. E. and Sen, M. K.},
	date-added = {2018-11-24 14:46:00 -0600},
	date-modified = {2018-11-24 14:46:00 -0600},
	note = {Under revision},
	title = {A stable kernel-based finite difference method and its application to meshless solution of frequency-domain wave equation},
	year = {2017+}}

@article{rashidinia_stable_2018,
	author = {Rashidinia, Jalil and Khasi, Manoochehr and Fasshauer, Gregory E.},
	date-added = {2018-11-24 14:46:00 -0600},
	date-modified = {2018-11-24 16:23:19 -0600},
	doi = {10.1016/j.camwa.2017.12.007},
	journal = {Comput.\ Math.\ Appl.},
	pages = {1831--1850},
	pubtype = art,
	title = {A Stable {Gaussian} radial basis function method for solving nonlinear unsteady convection-diffusion-reaction equations},
	volume = {75},
	year = {2018},
	Bdsk-Url-1 = {https://doi.org/10.1016/j.camwa.2017.12.007}}

@article{ala_augmented_2017,
	author = {Ala, Guido and Fasshauer, Gregory E. and Francomano, Elisa and McCourt, Michael and Ganci, Salvatore},
	date-added = {2018-11-24 14:45:38 -0600},
	date-modified = {2018-11-24 14:45:38 -0600},
	doi = {10.1016/j.matcom.2016.11.009},
	journal = {Math. Comput. Simul.},
	pages = {3--15},
	title = {An augmented {MFS} approach for brain activity reconstruction},
	volume = {141},
	year = {2017},
	Bdsk-Url-1 = {https://dx.doi.org/10.1016/j.matcom.2016.11.009}}

@article{KuoEtal12a,
	author = {F. Y. Kuo and C. Schwab and I. H. Sloan},
	date-added = {2018-11-07 07:21:01 +0100},
	date-modified = {2021-03-15 21:10:34 -0500},
	doi = {10.1137/110845537},
	journal = sinum,
	pages = {3351--3374},
	title = {Quasi-{M}onte {C}arlo Finite Element Methods for a Class of Elliptic Partial Differential Equations with Random Coefficients},
	volume = {50},
	year = {2012},
	Bdsk-Url-1 = {https://doi.org/10.1137/110845537}}

@inproceedings{ShaWilGha14a,
	author = {A. Shah and A. G. Wilson and Z. Ghahramani},
	booktitle = {Proceedings of the 17$^{\mbox{th}}$ International Conference on Artificial Intelligence and Statistics (AISTATS) 2014, Reykjavik, Iceland, PLMR},
	date-added = {2018-10-25 22:59:51 -0500},
	date-modified = {2018-11-06 06:37:52 +0100},
	editor = {S. Kaski and J. Corander},
	pages = {877--885},
	title = {Student-$t$ Processes as Alternatives to {G}aussian Processes},
	volume = {33},
	year = {2014}}

@manual{INTLAB11,
	author = {S. M. Rump and F. B\"unger and T. Teufel},
	date-added = {2018-09-15 13:41:35 -0500},
	date-modified = {2018-09-15 13:44:38 -0500},
	organization = {Institute for Reliable Computing},
	title = {INTLAB -- The {M}atlab/{O}ctave toolbox for Reliable Computing, Version 11},
	year = {2011}}

@manual{MAT9.3,
	address = {Natick, MA},
	author = {{The MathWorks, Inc.}},
	date-added = {2018-09-13 00:35:01 -0500},
	date-modified = {2018-09-13 00:35:01 -0500},
	title = {{MATLAB} 9.3},
	year = {2017}}

@phdthesis{Zha18a,
	author = {Y. Zhang},
	date-added = {2018-09-13 00:06:56 -0500},
	date-modified = {2018-11-22 16:46:18 -0600},
	school = {Illinois Institute of Technology},
	title = {Guaranteed, Adaptive, Automatic Algorithms for Univariate Integration: {M}ethods, Costs and Implementation},
	year = {2018}}

@inbook{Kne18a,
	author = {M. G. Knepley},
	booktitle = {Encyclopedia of Applied and Computational Mathematics},
	date-added = {2018-08-27 12:35:17 -0500},
	date-modified = {2018-08-27 13:10:52 -0500},
	doi = {10.1007/978-3-540-70529-1_250},
	editor = {B. Engquist},
	note = {Updated 2018 at arXiv:1209.1711v2},
	pages = {1173--1181},
	publisher = {Springer Berlin Heidelberg},
	title = {Programming Languages for Scientific Computing},
	year = {2015},
	Bdsk-Url-1 = {https://doi.org/10.1007/978-3-540-70529-1_250}}
